<record><leader>00000cas a22000007a 4500</leader><controlfield tag="001">10453223</controlfield><controlfield tag="008">840224d18941974alucr ne      0    0eng d</controlfield><datafield ind1=" " ind2=" " tag="010"><subfield code="a">sn 84025752 </subfield></datafield><datafield ind1=" " ind2=" " tag="040"><subfield code="a">NPV</subfield><subfield code="b">eng</subfield><subfield code="c">NPV</subfield><subfield code="d">CPN</subfield><subfield code="d">YOX</subfield><subfield code="d">MGN</subfield><subfield code="d">NVK</subfield><subfield code="d">OCLCQ</subfield><subfield code="d">OCLCO</subfield></datafield><datafield ind1="1" ind2=" " tag="029"><subfield code="a">AU@</subfield><subfield code="b">000020415356</subfield></datafield><datafield ind1=" " ind2=" " tag="042"><subfield code="a">msc</subfield></datafield><datafield ind1=" " ind2=" " tag="043"><subfield code="a">n-us-al</subfield><subfield code="a">n-us-ia</subfield></datafield><datafield ind1="0" ind2="0" tag="245"><subfield code="a">Fairhope courier.</subfield></datafield><datafield ind1=" " ind2=" " tag="260"><subfield code="a">Des Moines, Iowa :</subfield><subfield code="b">Fairhope Industrial Association,</subfield><subfield code="c">1894-1974.</subfield></datafield><datafield ind1=" " ind2=" " tag="300"><subfield code="a">v. :</subfield><subfield code="b">ill. ;</subfield><subfield code="c">31-57 cm.</subfield></datafield><datafield ind1=" " ind2=" " tag="310"><subfield code="a">Semiweekly,</subfield><subfield code="b">&lt;Apr. 1-29, 1974&gt;</subfield></datafield><datafield ind1=" " ind2=" " tag="321"><subfield code="a">Weekly,</subfield><subfield code="b">&lt;Jan. 6, 1905-Mar. 28, 1974&gt;</subfield></datafield><datafield ind1=" " ind2=" " tag="321"><subfield code="a">Semimonthly,</subfield><subfield code="b">&lt;-Dec. 14, 1904&gt;</subfield></datafield><datafield ind1=" " ind2=" " tag="321"><subfield code="a">Monthly,</subfield><subfield code="b">&lt;-July 30, 1896&gt;</subfield></datafield><datafield ind1="0" ind2=" " tag="362"><subfield code="a">Vol. 1, no. 1 (Aug. 15, 1894)-v. 79, no. 49 (Apr. 29, 1974).</subfield></datafield><datafield ind1=" " ind2=" " tag="500"><subfield code="a">Imprint varies: Aug.-Nov. 1894, Des Moines, Iowa; Dec. 1894-Oct. 1895, Battles Wharf, Ala.; Nov. 1895-1974, Fairhope, Ala.</subfield></datafield><datafield ind1=" " ind2=" " tag="500"><subfield code="a">Editor varies: 1894-1937, Ernest B. Gaston; &lt;1937&gt;- ; Frances Gaston.</subfield></datafield><datafield ind1=" " ind2=" " tag="550"><subfield code="a">Issued by: Fairhope Industrial Association, 1894-&lt;1937&gt;.</subfield></datafield><datafield ind1=" " ind2=" " tag="580"><subfield code="a">Includes the minutes of the Fairhope Single Tax Corporation after July 1916.</subfield></datafield><datafield ind1=" " ind2="0" tag="651"><subfield code="a">Fairhope (Ala.)</subfield><subfield code="v">Newspapers.</subfield></datafield><datafield ind1=" " ind2="0" tag="651"><subfield code="a">Battles Wharf (Ala.)</subfield><subfield code="v">Newspapers.</subfield></datafield><datafield ind1=" " ind2="0" tag="651"><subfield code="a">Des Moines (Iowa)</subfield><subfield code="v">Newspapers.</subfield></datafield><datafield ind1="1" ind2=" " tag="700"><subfield code="a">Gaston, Ernest B.</subfield></datafield><datafield ind1="2" ind2=" " tag="710"><subfield code="a">Fairhope Industrial Association.</subfield></datafield><datafield ind1=" " ind2=" " tag="752"><subfield code="a">United States</subfield><subfield code="b">Alabama</subfield><subfield code="c">Baldwin</subfield><subfield code="d">Fairhope.</subfield></datafield><datafield ind1=" " ind2=" " tag="752"><subfield code="a">United States</subfield><subfield code="b">Alabama</subfield><subfield code="c">Baldwin</subfield><subfield code="d">Battles Wharf.</subfield></datafield><datafield ind1=" " ind2=" " tag="752"><subfield code="a">United States</subfield><subfield code="b">Iowa</subfield><subfield code="c">Polk</subfield><subfield code="d">Des Moines.</subfield></datafield><datafield ind1="0" ind2="0" tag="785"><subfield code="t">Eastern shore courier</subfield><subfield code="w">(DLC)sn 85044783</subfield></datafield></record>